@Book{moscowref,
Year = 2007,
Author = "Hans van Vliet",
Title = "Software Engineering: Principles and Practice",
Publisher = "John Wiley Sons",
Address = "Chichester, UK"
Pages = "225 - 227"
}
@Article{Admire,
	author = {Wenxin Wang and Willem-Paul Brinkman and Ton J.M. Rövekamp and Paul van der Boog and Laurence Alpay and Mark A. Neerincx},
	title = {Feedback to Renal Transplant Patients in a Self-management Support System},
	journal = {European Conference on Cognitive Ergonomics},
	year = 2013
}
@Article{Admire2,
	author = {Céline van Lint and Paul van der Boog and Paul Schenk and Sandra van Dijk and Fred Romijn and Christa Cobbaert},
	title = {Zelfmonitoring van nierfunctie na niertransplantatie: de patiënt als regisseur},
	journal = {Voorjaarscongres Nederlandse Vereniging voor Klinische Chemie en Laboratoriumgeneeskunde (NVKC) 2014},
	year = 2014
}
@Article{esda,
	author = {Penelope M. Sanderson and Carolanne Fisher},
		title = {Exploratory Sequential Data analysis: Foundations},
		journal = { Human–Computer Interaction},
			Pages = "251--317",
		year = 1994,
		Volume = 9,
		Number = "3-4"
		
}