@Book{Nielsen,
Year = 1993,
Author = "Jan Nielsen",
Title = "Usability Engineering",
Publisher = "Academic Press",
Address = "Boston"
}

@Article{SPSS,
Author = "Khairy H. Abdelkareem and N. AL-Mekhlafy",
Title = "Roof lateral displace- ment for gravity load designed rc frames subjected to earthquakes",
Journal = "Journal of Engineering Sciences",
Pages = "654--654",
year = 2014
}
@article{Admire,
author = {Wenxin Wang and Willem-Paul Brinkman and Ton J.M. Rövekamp and Paul van der Boog and Laurence Alpay and Mark A. Neerincx},
title = {Feedback to Renal Transplant Patients in a Self-management Support System},
journal = {European Conference on Cognitive Ergonomics},
year = 2013
}
@article{admire2,
author = {Wenxin Wang and Willem-Paul Brinkman and Ton J.M. Rövekamp and Paul van der Boog and Laurence Alpay and Mark A. Neerincx},
title = {Designing and Evaluating a Self-Management Support System for Renal Transplant Patients: the First Step},
journal = {European Conference on Cognitive Ergonomics},
Pages = "D15--D19",
year = 2012
}
@misc{persona,
title = "Wenxin Wang",
author = "Wenxin Wang",
note = "http://mmi.tudelft.nl/?q=node/7622",
year = 2015
}
@unpublished{sugar,
author = "Louis Gosschalk and Boudewijn van Groos and Jens Langerak and Chris Langhout and Paul van Wijk",
title = "Language Specification for SUGAR",
note = "https://github.com/clanghout/Health-Informatics-3/blob/master/docs/language/language-spec.pdf",
year = "2015"
}
@article{komiyama,
Author = "Toshihiro Komiyama",
Title = "Usability Evaluation Based on International Standards for Software Quality Evaluation",
Journal = "NEC Technical Journal Vol.3 No.2",
Pages = "29--30",
year = 2008
}
@mastersthesis{twente,
Author = "Saskia Busscher and Annemarieke Homan and Marloes van der Maas",
Title = "Onderzoek naar het opzetten van een webbased shared care systeem voor testiskanker",
School = "University of Twente",
year = 2012
}